@article{Krasnov2018,  title={Разведка скрытых направлений исследований в нефтегазовой отрасли с помощью анализа библиотеки OnePetro},   author={Краснов, Федор and Ушмаев, Олег},   journal={International Journal of Open Information Technologies},   volume={6},   number={5},   year={2018},   publisher={Лаборатория Открытых Информационных Технологий факультета ВМК МГУ им. МВ Ломоносова}}
@ARTICLE{krasnov2013measurement,   author = {Krasnov, Fedor and Yavorskiy, Rostislav},   title = {Measurement of maturity level of a professional community},   journal = {Business Informatics},   year = {2013},   pages = {64--67} , number={1},   volume = {23} }

@article{krasnov2017model,   
title={Модель процесса публикаций научно-практических статей по специальности 25.00 «Науки о Земле»},   journal={Интернет-журнал «НАУКОВЕДЕНИЕ»},   volume={9},   number={5},   year={2017},
author={Краснов, Федор}}

@article{krasnov2018allocation, title= {Allocation of the scientific directions of development of science and technologies center in oil and gas industry based on the co-authorship network}, author= {Krasnov, Fedor and Khasanov, Mars}, journal= {International Journal of Open Information Technologies}, volume= {6}, number= {4}, pages= {1--6}, year= {2018}}

@article{krasnov2018team, title= {Team assembly in R\&D: A review of imitating modeling approach for science and technology center in Oil\&Gaz industry}, author= {Krasnov, Fedor and Dokuka, Sofia and Yavorskiy, Rostislav}, journal= {International Journal of Open Information Technologies}, volume= {6}, number= {1}, pages= {17--24}, year= {2018}}
@article{krasnov2013ism, title= {Измерение уровня зрелости профессионального сообщества}, author= {Краснов, ФВ and Яворский, РЭ}, journal= {Бизнес-информатика}, number= {1 (23)}, year= {2013}, publisher= {Федеральное государственное автономное образовательное учреждение высшего образования {\guillemotleft}Национальный исследовательский университет {\guillemotleft}Высшая школа экономики{\guillemotright}}}
@article{krasnov2011upr, title= {Управление знаниями: открытые цифровые образовательные ресурсы и архивы: материалы международного семинара. Ярославль, 14 октября 2011 г.}, author= {Кучма, Ирина and Краснов, ФВ }, booktitle= {Международный семинар {\guillemotleft}Управление знаниями: открытые цифровые образовательные ресурсы и архивы{\guillemotright}}, year= {2011}}
@article{krasnov2017ic,   
  title={Моделирование изменений интеллектуального капитала в условиях повышенной нагрузки на персонал научно-исследовательской организации},
  author = {Краснов, ФВ and Курчакова,Н.В.},
  journal={Интернет-журнал «НАУКОВЕДЕНИЕ»}, 
  volume={9},   number={6},   year={2017}
}

@article{krasnov2015bd,   
  title={Нефтегазоразведка без больших данных},
  author = {Краснов,Ф.В.},
  journal={Журнал "Открытые системы. СУБД"}, 
  number={4},   year={2015}
}
@article{krasnov2017scrum,   
  title={Моделирование и оценка влияния от применения каркаса SCRUM в процессе написания научных статей},
  author = {Краснов,Ф.В. and Докука,С.В.},
  journal={Интернет-журнал «НАУКОВЕДЕНИЕ»}, 
  volume={9},   number={6},   year={2017}
}
@article{krasnov2018nx,   
  title={Вероятностная модель скрытых тем на основе архива журнала «Нефтяное Хозяйство»},
  author = {Краснов,Ф.В. and Докука,С.В.},
  journal={Вестник Евразийской науки}, 
  number={2},   year={2018}
}
@article{krasnov2018guest,   
  title={Прогнозирование развития соавторства в написании научных статей научно-технического центра Газпромнефть на основе модели},
  author = {Краснов,Ф.В. and Макаров,И.А.},
  journal={Вестник Евразийской науки}, 
  number={1},   year={2018}
}
@ARTICLE{krasnov2018coo,   
title={Командообразования в научной деятельности: анализ подходов на основании имитационной модели для научно-технического центра в нефтегазовой отрасли},
author = {Краснов, Ф.В. and Додука, С.В. and Яворский, Р.Э.},
journal={International Journal of Open Information Technologies},
year = {2018}, volume={6}, number={1}, pages={17--24}
} 

@ARTICLE{krasnov2018bi, 
title={Анализ методов построения графа соавторства: подход на основе двудольного графа}, 
author = {Краснов, Ф.В.},
journal={International Journal of Open Information Technologies},
year = {2018}, volume={6}, number={2}, pages={31--37}
} 

@article{krasnov2018sent,   
  title={Анализ тональности текста научно-практических статей по нефтегазовой тематике с помощью искусственных нейронных сетей},
  author = {Краснов,Ф.В.},
  journal={Вестник Евразийской науки}, 
  number={3},   year={2018}
}

