@inproceedings{krasnovsergeev,
  title={Segmentation of IT customers on internal market},
  author={Krasnov, Fedor and Sergeev, Alexander},
  booktitle={SEC(R)'09. The 5th Software Engineering Conference (Russia)},
  year={2009},
  organization={TEKAMA}
}

@inproceedings{kradoya2016structure,
  title={The Structure of Organization: The Coauthorship Network Case},
  author={Krasnov, Fedor and Dokuka, Sofia and Yavorskiy, Rostislav},
  booktitle={International Conference on Analysis of Images, Social Networks and Texts},
  pages={100--107},
  year={2016},
  organization={Springer}
}

@article{KDGY,
  title={Analysis of Strong and Weak Ties in Oil \& Gas Professional Community},
  author={Krasnov, Fedor and Dokuka, Sofia and Gorshkov, Ilya and Yavorskiy, Rostislav},
  year={2016},
  organization={CEUR Workshop Proceedings}
}


@inproceedings{krasnov2013comparison,
  title={Comparison of online communities on the base of lexical analysis of the news feed},
  author={Krasnov, Fedor and Ustalov, Dmitriy and Yavorskiy, Rostislav},
  booktitle={Proceedings of 2-nd conference on Analysis of Images, Networks and Texts, Yekaterinburg},
  pages={254--257},
  year={2013}
}

@inproceedings{khasanov2016corporate, title= {Corporate Wikipedia in Upstream: Bimodal IT Case}, author= {Khasanov, MM and Krasnov, FV and Belozerov, BV and others}, booktitle= {SPE Annual Technical Conference and Exhibition}, year= {2016}, organization= {Society of Petroleum Engineers}}

@inproceedings{krasnov2014indicators, title= {Indicators of connectivity for urban scientific communities in Russian cities}, author= {Krasnov, Fedor and Yavorskiy, Rostislav E and Vlasova, Evgeniya}, booktitle= {International Conference on Analysis of Images, Social Networks and Texts\_x000D\_}, pages= {111--120}, year= {2014}, organization= {Springer}}

@inproceedings{krasnov2013comparison, title= {Comparison of online communities on the base of lexical analysis of the news feed}, author= {Krasnov, Fedor and Ustalov, Dmitriy and Yavorskiy, Rostislav}, booktitle= {Proceedings of 2-nd conference on Analysis of Images, Networks and Texts, Yekaterinburg}, pages= {254--257}, year= {2013}}

@inproceedings{yav2013sra, title= {Сравнение онлайн-сообществ на основе лексического анализа ленты новостей}, author= {Яворский, Ростислав Эдуардович and Краснов, Федор Владимирович and Усталов, Дмитрий}, booktitle= {Доклады всероссийской научной конференции АИСТ’2013}, pages= {242--245}, year= {2013}, organization= {Национальный открытый университет {\guillemotleft}ИНТУИТ{\guillemotright}}}

