@patent{krasnov2017,   
  title={Программа для ЭВМ «СПО "НауБот"»},
  author = {Краснов,Ф.В.},
  number = {№2017661666},
  year={2017}
}

@patent{krasnov2017a,   
  title={КСПО "HiRGB"},
  author = {Краснов,Ф.В. and Буторин,А.В.},
  number = {№2017661769},
  year={2017}
}

@patent{krasnov2018,   
  title={Экспертная Система для оценки сейсмических неопределенностей},
  author = {Краснов,Ф.В. and Буторин,А.В.},
  number = {№2018617693},
  year={2018}
}


