@article{krasnov2008,
  title={Человек и коммуникации},
  author={Краснов, Ф.В.},
  journal={Директор информационной службы},
  number={11},
  year={2008},
  publisher={"Открытые системы"}
}

@INCOLLECTION{krasnov2014indicators,
  author = {Krasnov, Fedor and Yavorskiy, Rostislav E and Vlasova, Evgeniya},
  title = {Indicators of Connectivity for Urban Scientific Communities in Russian Cities},
  booktitle = {Analysis of Images, Social Networks and Texts},
  publisher = {Springer},
  year = {2014},
  pages = {111--120}
}

@ARTICLE{krasnov2014connectivity,
  author = {Krasnov, Fedor and Vlasova, Evgeniya and Yavorskiy, Rostislav},
  title = {Connectivity Analysis of Computer Science Centers based on Scientific Publications Datafor Major Russian Cities},
  journal = {Procedia Computer Science},
  year = {2014},
  volume = {31},
  pages = {892--899},
  publisher = {Elsevier}
}

@incollection{Krasnov_2017,
	year = {2017},
	publisher = {Springer International Publishing},
	pages = {164--171},
	author = {Fedor Krasnov and Nikolay Glavnov and Alexander Sitnikov},
	title = {A Machine Learning Approach to Enhanced Oil Recovery Prediction},
	booktitle = {Lecture Notes in Computer Science}
}


@article{krasnov2018automatic, title= {Automatic Detection of Channels in Seismic Images via Deep Convolutional Neural Networks Learning}, author= {Krasnov, Fedor and Butorin, Alexander and Sitnikov, Alexander}, journal= {International Journal of Open Information Technologies}, volume= {6}, number= {3}, pages= {20--26}, year= {2018}}

@inproceedings{krasnov2017machine, title= {A Machine Learning Approach to Enhanced Oil Recovery Prediction}, author= {Krasnov, Fedor and Glavnov, Nikolay and Sitnikov, Alexander}, booktitle= {International Conference on Analysis of Images, Social Networks and Texts}, pages= {164--171}, year= {2017}, organization= {Springer, Cham}}

@article{krasnov2017review, title= {A review of two algorithms for proxy model of enhanced oil recovery}, author= {Krasnov, Fedor and Glavnov, Nikolay and Sitnikov, Alexander}, journal= {International Journal of Open Information Technologies}, volume= {5}, number= {10}, pages= {18--23}, year= {2017}}

@inproceedings{krasnov2017application, title= {Application of multidimensional interpolation and random forest regression to enhanced oil recovery modeling}, author= {Krasnov, Fedor and Glavnov, Nikolay and Sitnikov, Alexander}, booktitle= {Proceedings of the 13th Central \& Eastern European Software Engineering Conference in Russia}, pages= {2}, year= {2017}, organization= {ACM}}

@inproceedings{Krasnov_2017, year = {2017}, publisher = {{ACM} Press},author = {Fedor Krasnov and Nikolay Glavnov and Alexander Sitnikov},title = {Application of multidimensional interpolation and random forest regression to enhanced oil recovery modeling}, booktitle = {Proceedings of the 13th Central {\&} Eastern European Software Engineering Conference in Russia on   - {CEE}-{SECR} {\textquotesingle}17}},

@inproceedings{butorin2017numerical, title= {Numerical Modeling of Microseismic Events on the Surface}, author= {Butorin, AV and Krasnov, FV and others}, booktitle= {SPE Russian Petroleum Technology Conference}, year= {2017}, organization= {Society of Petroleum Engineers}}

@inproceedings{butorin2017spectral, title= {Spectral Inversion Methods and its Application for Wave Field Analysis (Russian)}, author= {Butorin, AV and Krasnov, FV and others}, booktitle= {SPE Russian Petroleum Technology Conference}, year= {2017}, organization= {Society of Petroleum Engineers}}

@article{butorin2017vozm, title= {Возможности использования результатов спектральной инверсии при интерпретации сейсмических данных}, author= {Буторин, АВ and Краснов, ФВ}, journal= {Геофизика}, number= {4}, pages= {2--7}, year= {2017}, publisher= {Межрегиональная общественная организация Евро-Азиатское геофизическое общество}}

@article{krasnov2017prim, title= {Применение машинного обучения по ансамблю решающих правил для вычисления прогноза дополнительного коэффициента извлечения нефти}, author= {Краснов, ФВ and Главнов, НГ and Ситников, АН}, journal= {International Journal of Open Information Technologies}, volume= {5}, number= {10}, year= {2017}, publisher= {Лаборатория Открытых Информационных Технологий факультета ВМК МГУ им. МВ Ломоносова}}

@inproceedings{butorin2017prim, title= {Применение методов спектральной инверсии}, author= {Буторин, Александр Васильевич and Краснов, Федор Владимирович}, booktitle= {Сейсмические технологии-2017}, pages= {192--195}, year= {2017}}

@inproceedings{butorin2016approaches, title= {Approaches to the Analysis of Spectral Decomposition for the Purpose of Detailed Geological Interpretation}, author= {Butorin, AV and Krasnov, FV and others}, booktitle= {SPE Russian Petroleum Technology Conference and Exhibition}, year= {2016}, organization= {Society of Petroleum Engineers}}

@article{butorin016sravn, title= {Сравнительный анализ методов спектральной инверсии волнового поля на примере модельных трасс}, author= {Буторин, АВ and Краснов, ФВ}, journal= {Геофизика}, number= {4}, pages= {68--76}, year= {2016}, publisher= {Межрегиональная общественная организация Евро-Азиатское геофизическое общество}}

@article{krasnov2015isp, title= {Использование сериализации для хранения геолого-геофизической информации}, author= {Краснов, ФВ and Ситников, АН}, journal= {Научно-теоретический журнал}, pages= {25}, year= {2015}}

@article{krasnov2014connectivity, title= {Connectivity analysis of computer science centers based on scientific publications datafor major russian cities}, author= {Krasnov, Fedor and Vlasova, Evgeniya and Yavorskiy, Rostislav}, journal= {Procedia Computer Science}, volume= {31}, pages= {892--899}, year= {2014}, publisher= {Elsevier}}

@article{krasnov2013measurement, title= {Measurement of maturity level of a professional community}, author= {Krasnov, Fedor and Yavorskiy, Rostislav}, year= {2013}}

@article{klyuchnikov2018data,
  title={Data-driven model for the identification of the rock type at a drilling bit},
  author={Klyuchnikov, Nikita and Zaytsev, Alexey and Krasnov, Fedor and others},
  journal={arXiv preprint arXiv:1806.03218},
  year={2018}
}

@article{krasnov2012razv, title= {Развитие через общение}, author= {Краснов, ФВ}, journal= {Intelligent Enterprise}, number= {9}, pages= {18--21}, year= {2012}}

@article{Fedor_Krasnov45360386,
title={Reconstruction of Medium Reflectivity Coefficients Based on Seismic Data through Machine Learning},
journal={ST. PETERSBURG STATE POLYTECHNICAL UNIVERSITY JOURNAL},
author={Fedor Krasnov}
}
