@article{laboshin2017big,
  title={The Big Data approach to collecting and analyzing traffic data in large scale networks},
  author={Laboshin, LU and Lukashin, AA and Zaborovsky, VS},
  journal={Procedia Computer Science},
  volume={103},
  pages={536--542},
  year={2017},
  publisher={Elsevier}
}

@inproceedings{zbr40,
title={Гетерогенные суперкомпьютерные системы для развития индустрии 4.0},
author={Zaborovsky, VS and  Lukashin, AA },
journal={СУПЕРКОМПЬЮТЕРНЫЕ ТЕХНОЛОГИИ СКТ-2016},
year={2016},
publisher={Южный федеральный университет (Ростов-на-Дону)},
}

%%%%%%%%%%%%%%%% OrgDev
@article{allen1984managing,
  title={Managing the flow of technology: Technology transfer and the dissemination of technological information within the R\&D organization},
  author={Allen, Thomas J},
  journal={MIT Press Books},
  volume={1},
  year={1984},
  publisher={The MIT Press}
}
@book{noe2006human,
  title={Human resource management},
  author={Noe, Raymond A and Hollenbeck, John R and Gerhart, Barry and Wright, Patrick M},
  year={2006},
  publisher={China People's University Press}
}

@book{cooley1956social,
  title={Social organization},
  author={Cooley, Charles Horton},
  year={1956},
  publisher={Transaction Publishers}
}


%%%%%%%%%%%%%%%%%%%%% SNA

@book{zafarani2014social,
  title={Social media mining: an introduction},
  author={Zafarani, Reza and Abbasi, Mohammad Ali and Liu, Huan},
  year={2014},
  publisher={Cambridge University Press}
}


@inproceedings{liu2017semantic,
  title={Semantic Proximity Search on Heterogeneous Graph by Proximity Embedding.},
  author={Liu, Zemin and Zheng, Vincent W and Zhao, Zhou and Zhu, Fanwei and Chang, Kevin Chen-Chuan and Wu, Minghui and Ying, Jing},
  booktitle={AAAI},
  pages={154--160},
  year={2017}
}


@article{zheng2016node,
  title={From node embedding to community embedding},
  author={Zheng, Vincent W and Cavallari, Sandro and Cai, Hongyun and Chang, Kevin Chen-Chuan and Cambria, Erik},
  journal={arXiv preprint arXiv:1610.09950},
  year={2016}
}


@inproceedings{makarov2018recommending,
  title={Recommending Co-authorship via Network Embeddings and Feature Engineering: The case of National Research University Higher School of Economics},
  author={Makarov, Ilya and Gerasimova, Olga and Sulimov, Pavel and Zhukov, Leonid E},
  booktitle={Proceedings of the 18th ACM/IEEE on Joint Conference on Digital Libraries},
  pages={365--366},
  year={2018},
  organization={ACM}
}


@article{porter2018mapping,
  title={Mapping the Navy Innovation Network Using Social Network Analysis},
  author={Porter, Wayne and Warren, Camber and Schroeder, Rob},
  year={2018}
}

@book{de2018exploratory,
  title={Exploratory social network analysis with Pajek},
  author={De Nooy, Wouter and Mrvar, Andrej and Batagelj, Vladimir},
  year={2018},
  publisher={Cambridge University Press}
}

@article{moreno1953shall,
  title={Who shall survive? Foundations of sociometry, group psychotherapy and socio-drama},
  author={Moreno, Jacob Levy},
  year={1953},
  publisher={Beacon House}
}

@book{tsvetovat2011social,
  title={Social Network Analysis for Startups: Finding connections on the social web},
  author={Tsvetovat, Maksim and Kouznetsov, Alexander},
  year={2011},
  publisher={" O'Reilly Media, Inc."}
}

@inproceedings{atherley2015model,
  title={A Model of Policy Formation Through Simulated Annealing: The Impact of Preference Alignment on Productivity and Satisfaction},
  author={Atherley, Scott and Dillon, Clarence and Kane, Vince},
  booktitle={International Conference on Social Computing, Behavioral-Cultural Modeling, and Prediction},
  pages={93--100},
  year={2015},
  organization={Springer}
}

@inproceedings{kurmukov2016classification,
  title={Classification of normal and pathological brain networks based on similarity in graph partitions},
  author={Kurmukov, Anvar and Dodonova, Yulia and Zhukov, Leonid},
  booktitle={Data Mining Workshops (ICDMW), 2016 IEEE 16th International Conference on},
  pages={107--112},
  year={2016},
  organization={IEEE}
}


@inproceedings{makarov2016co,
  title={Co-author recommender system},
  author={Makarov, Ilya and Bulanov, Oleg and Zhukov, Leonid E},
  booktitle={International Conference on Network Analysis},
  pages={251--257},
  year={2016},
  organization={Springer}
}

@article{watts1998collective,
  title={Collective dynamics of ‘small-world’networks},
  author={Watts, Duncan J and Strogatz, Steven H},
  journal={nature},
  volume={393},
  number={6684},
  pages={440},
  year={1998},
  publisher={Nature Publishing Group}
}
@article{barabasi1999emergence,
  title={Emergence of scaling in random networks},
  author={Barab{\'a}si, Albert-L{\'a}szl{\'o} and Albert, R{\'e}ka},
  journal={science},
  volume={286},
  number={5439},
  pages={509--512},
  year={1999},
  publisher={American Association for the Advancement of Science}
}

@article{fortunato2010community,
  title={Community detection in graphs},
  author={Fortunato, Santo},
  journal={Physics reports},
  volume={486},
  number={3-5},
  pages={75--174},
  year={2010},
  publisher={Elsevier}
}
@article{lancichinetti2009community,
  title={Community detection algorithms: a comparative analysis},
  author={Lancichinetti, Andrea and Fortunato, Santo},
  journal={Physical review E},
  volume={80},
  number={5},
  pages={056117},
  year={2009},
  publisher={APS}
}


%%%%%%%%%%%% 10.08.2018 FVK
@inproceedings{schuster2018gapping,
 author = {Schuster, Sebastian and Nivre, Joakim and Manning, Christopher D.},
 booktitle = {North American Chapter of the Association of Computational Linguistics (NAACL)},
 title = {Sentences with Gapping: Parsing and Reconstructing Elided Predicates},
 url = {https://nlp.stanford.edu/pubs/schuster2018gapping.pdf},
 year = {2018}
}
@article{eric2017copy,
  title={A copy-augmented sequence-to-sequence architecture gives good performance on task-oriented dialogue},
  author={Eric, Mihail and Manning, Christopher D},
  journal={arXiv preprint arXiv:1701.04024},
  year={2017}
}
@article{wang2017naturalizing,
  title={Naturalizing a programming language via interactive learning},
  author={Wang, Sida I and Ginn, Samuel and Liang, Percy and Manning, Christoper D},
  journal={arXiv preprint arXiv:1704.06956},
  year={2017}
}
@article{li2017adversarial,
  title={Adversarial learning for neural dialogue generation},
  author={Li, Jiwei and Monroe, Will and Shi, Tianlin and Jean, S{\'e}bastien and Ritter, Alan and Jurafsky, Dan},
  journal={arXiv preprint arXiv:1701.06547},
  year={2017}
}
@article{xie2017data,
  title={Data noising as smoothing in neural network language models},
  author={Xie, Ziang and Wang, Sida I and Li, Jiwei and L{\'e}vy, Daniel and Nie, Aiming and Jurafsky, Dan and Ng, Andrew Y},
  journal={arXiv preprint arXiv:1703.02573},
  year={2017}
}


@inproceedings{huang2012improving,
  title={Improving word representations via global context and multiple word prototypes},
  author={Huang, Eric H and Socher, Richard and Manning, Christopher D and Ng, Andrew Y},
  booktitle={Proceedings of the 50th Annual Meeting of the Association for Computational Linguistics: Long Papers-Volume 1},
  pages={873--882},
  year={2012},
  organization={Association for Computational Linguistics}
}

@article{bojanowski2016enriching,
  title={Enriching word vectors with subword information},
  author={Bojanowski, Piotr and Grave, Edouard and Joulin, Armand and Mikolov, Tomas},
  journal={arXiv preprint arXiv:1607.04606},
  year={2016}
}

@inproceedings{finley2017analogies,
  title={What analogies reveal about word vectors and their compositionality},
  author={Finley, Gregory and Farmer, Stephanie and Pakhomov, Serguei},
  booktitle={Proceedings of the 6th Joint Conference on Lexical and Computational Semantics (* SEM 2017)},
  pages={1--11},
  year={2017}
}


@article{wu2017starspace,
  title={Starspace: Embed all the things!},
  author={Wu, Ledell and Fisch, Adam and Chopra, Sumit and Adams, Keith and Bordes, Antoine and Weston, Jason},
  journal={arXiv preprint arXiv:1709.03856},
  year={2017}
}

@article{pagliardini2017unsupervised,
  title={Unsupervised learning of sentence embeddings using compositional n-gram features},
  author={Pagliardini, Matteo and Gupta, Prakhar and Jaggi, Martin},
  journal={arXiv preprint arXiv:1703.02507},
  year={2017}
}

@inproceedings{gladkova2016intrinsic,
  title={Intrinsic evaluations of word embeddings: What can we do better?},
  author={Gladkova, Anna and Drozd, Aleksandr},
  booktitle={Proceedings of the 1st Workshop on Evaluating Vector-Space Representations for NLP},
  pages={36--42},
  year={2016}
}

@inproceedings{bartunov2016breaking,
  title={Breaking sticks and ambiguities with adaptive skip-gram},
  author={Bartunov, Sergey and Kondrashkin, Dmitry and Osokin, Anton and Vetrov, Dmitry},
  booktitle={Artificial Intelligence and Statistics},
  pages={130--138},
  year={2016}
}

@article{panchenko2017unsupervised,
  title={Unsupervised, knowledge-free, and interpretable word sense disambiguation},
  author={Panchenko, Alexander and Marten, Fide and Ruppert, Eugen and Faralli, Stefano and Ustalov, Dmitry and Ponzetto, Simone Paolo and Biemann, Chris},
  journal={arXiv preprint arXiv:1707.06878},
  year={2017}
}

@article{pelevina2017making,
  title={Making sense of word embeddings},
  author={Pelevina, Maria and Arefyev, Nikolay and Biemann, Chris and Panchenko, Alexander},
  journal={arXiv preprint arXiv:1708.03390},
  year={2017}
}


@article{maron1961automatic,
  title={Automatic indexing: an experimental inquiry},
  author={Maron, Melvin Earl},
  journal={Journal of the ACM (JACM)},
  volume={8},
  number={3},
  pages={404--417},
  year={1961},
  publisher={ACM}
}

@article{mosteller1963inference,
  title={Inference in an authorship problem: A comparative study of discrimination methods applied to the authorship of the disputed federalist papers},
  author={Mosteller, Frederick and Wallace, David L},
  journal={Journal of the American Statistical Association},
  volume={58},
  number={302},
  pages={275--309},
  year={1963},
  publisher={Taylor \& Francis Group}
}

@inproceedings{sahami1998bayesian,
  title={A Bayesian approach to filtering junk e-mail},
  author={Sahami, Mehran and Dumais, Susan and Heckerman, David and Horvitz, Eric},
  booktitle={Learning for Text Categorization: Papers from the 1998 workshop},
  volume={62},
  pages={98--105},
  year={1998},
  organization={Madison, Wisconsin}
}


@article{bayes1763essay,
  title={An essay towards solving a problem in the doctrine of chances},
  author={Bayes, Thomas and Price, Richard and Canton, John},
  year={1763},
  publisher={C. Davis, Printer to the Royal Society of London London, U. K}
}


@inproceedings{metsis2006spam,
  title={Spam filtering with naive bayes-which naive bayes?},
  author={Metsis, Vangelis and Androutsopoulos, Ion and Paliouras, Georgios},
  booktitle={CEAS},
  volume={17},
  pages={28--69},
  year={2006},
  organization={Mountain View, CA}
}

@inproceedings{wang2012baselines,
  title={Baselines and bigrams: Simple, good sentiment and topic classification},
  author={Wang, Sida and Manning, Christopher D},
  booktitle={Proceedings of the 50th Annual Meeting of the Association for Computational Linguistics: Short Papers-Volume 2},
  pages={90--94},
  year={2012},
  organization={Association for Computational Linguistics}
}


@inproceedings{pang2002thumbs,
  title={Thumbs up?: sentiment classification using machine learning techniques},
  author={Pang, Bo and Lee, Lillian and Vaithyanathan, Shivakumar},
  booktitle={Proceedings of the ACL-02 conference on Empirical methods in natural language processing-Volume 10},
  pages={79--86},
  year={2002},
  organization={Association for Computational Linguistics}
}

@inproceedings{mccallum1998comparison,
  title={A comparison of event models for naive bayes text classification},
  author={McCallum, Andrew and Nigam, Kamal and others},
  booktitle={AAAI-98 workshop on learning for text categorization},
  volume={752},
  number={1},
  pages={41--48},
  year={1998},
  organization={Citeseer}
}

@article{pang2008opinion,
  title={Opinion mining and sentiment analysis},
  author={Pang, Bo and Lee, Lillian and others},
  journal={Foundations and Trends{\textregistered} in Information Retrieval},
  volume={2},
  number={1--2},
  pages={1--135},
  year={2008},
  publisher={Now Publishers, Inc.}
}


@incollection{liu2012survey,
  title={A survey of opinion mining and sentiment analysis},
  author={Liu, Bing and Zhang, Lei},
  booktitle={Mining text data},
  pages={415--463},
  year={2012},
  publisher={Springer}
}

@article{stamatatos2009survey,
  title={A survey of modern authorship attribution methods},
  author={Stamatatos, Efstathios},
  journal={Journal of the American Society for information Science and Technology},
  volume={60},
  number={3},
  pages={538--556},
  year={2009},
  publisher={Wiley Online Library}
}

@book{schutze2008introduction,
  title={Introduction to information retrieval},
  author={Sch{\"u}tze, Hinrich and Manning, Christopher D and Raghavan, Prabhakar},
  volume={39},
  year={2008},
  publisher={Cambridge University Press}
}


@article{algoet1988asymptotic,
  title={Asymptotic optimality and asymptotic equipartition properties of log-optimum investment},
  author={Algoet, Paul H and Cover, Thomas M and others},
  journal={The Annals of Probability},
  volume={16},
  number={2},
  pages={876--898},
  year={1988},
  publisher={Institute of Mathematical Statistics}
}

@article{cover1991entropy,
  title={Entropy, relative entropy and mutual information},
  author={Cover, Thomas M and Thomas, Joy A},
  journal={Elements of information theory},
  volume={2},
  pages={1--55},
  year={1991},
  publisher={John Wiley \& Sons, Inc. Hoboken, NJ}
}


@article{bahl1983maximum,
  title={A maximum likelihood approach to continuous speech recognition},
  author={Bahl, Lalit R and Jelinek, Frederick and Mercer, Robert L},
  journal={IEEE transactions on pattern analysis and machine intelligence},
  number={2},
  pages={179--190},
  year={1983},
  publisher={IEEE}
}

@inproceedings{bahl1986maximum,
  title={Maximum mutual information estimation of hidden Markov model parameters for speech recognition},
  author={Bahl, Lalit and Brown, Peter and De Souza, Peter and Mercer, Robert},
  booktitle={Acoustics, Speech, and Signal Processing, IEEE International Conference on ICASSP'86.},
  volume={11},
  pages={49--52},
  year={1986},
  organization={IEEE}
}

@inproceedings{averbuch1987experiments,
  title={Experiments with the TANGORA 20,000 word speech recognizer},
  author={Averbuch, Ar and Bahl, L and Bakis, R and Brown, P and Daggett, G and Das, S and Davies, K and De Gennaro, S and De Souza, P and Epstein, E and others},
  booktitle={Acoustics, Speech, and Signal Processing, IEEE International Conference on ICASSP'87.},
  volume={12},
  pages={701--704},
  year={1987},
  organization={IEEE}
}


@article{brown1992estimate,
  title={An estimate of an upper bound for the entropy of English},
  author={Brown, Peter F and Pietra, Vincent J Della and Mercer, Robert L and Pietra, Stephen A Della and Lai, Jennifer C},
  journal={Computational Linguistics},
  volume={18},
  number={1},
  pages={31--40},
  year={1992},
  publisher={MIT Press}
}


@inproceedings{schwenk2002connectionist,
  title={Connectionist language modeling for large vocabulary continuous speech recognition},
  author={Schwenk, Holger and Gauvain, Jean-Luc},
  booktitle={Acoustics, Speech, and Signal Processing (ICASSP), 2002 IEEE International Conference on},
  volume={1},
  pages={I--765},
  year={2002},
  organization={IEEE}
}


@article{shannon1951prediction,
  title={Prediction and entropy of printed English},
  author={ShannClaudeon,  E},
  journal={Bell system technical journal},
  volume={30},
  number={1},
  pages={50--64},
  year={1951},
  publisher={Wiley Online Library}
}

@article{cover1978convergent,
  title={A convergent gambling estimate of the entropy of English},
  author={Cover, Thomas and King, Roger},
  journal={IEEE Transactions on Information Theory},
  volume={24},
  number={4},
  pages={413--421},
  year={1978},
  publisher={IEEE}
}

@inproceedings{teahan1996entropy,
  title={The entropy of English using PPM-based models},
  author={Teahan, William J and Cleary, John G},
  booktitle={dcc},
  pages={53},
  year={1996},
  organization={IEEE}
}

@inproceedings{teahan1997models,
  title={Models of English text},
  author={Teahan, WJ and Cleary, John G},
  booktitle={Data Compression Conference, 1997. DCC'97. Proceedings},
  pages={12--21},
  year={1997},
  organization={IEEE}
}

@inproceedings{cohen1998learning,
  title={Learning to order things},
  author={Cohen, William W and Schapire, Robert E and Singer, Yoram},
  booktitle={Advances in Neural Information Processing Systems},
  pages={451--457},
  year={1998}
}

@article{collobert2011natural,
  title={Natural language processing (almost) from scratch},
  author={Collobert, Ronan and Weston, Jason and Bottou, L{\'e}on and Karlen, Michael and Kavukcuoglu, Koray and Kuksa, Pavel},
  journal={Journal of Machine Learning Research},
  volume={12},
  number={Aug},
  pages={2493--2537},
  year={2011}
}

@article{russell2002artificial,
  title={Artificial intelligence: a modern approach (International Edition)},
  author={Russell, Stuart J and Norvig, Peter},
  year={2002},
  publisher={$\{$Pearson US Imports \& PHIPEs$\}$}
}

@inproceedings{mikolov2013distributed,
  title={Distributed representations of words and phrases and their compositionality},
  author={Mikolov, Tomas and Sutskever, Ilya and Chen, Kai and Corrado, Greg S and Dean, Jeff},
  booktitle={Advances in neural information processing systems},
  pages={3111--3119},
  year={2013}
}

@article{mikolov2013efficient,
  title={Efficient estimation of word representations in vector space},
  author={Mikolov, Tomas and Chen, Kai and Corrado, Greg and Dean, Jeffrey},
  journal={arXiv preprint arXiv:1301.3781},
  year={2013}
}

@inproceedings{packard1973computer,
  title={Computer-assisted morphological analysis of ancient Greek},
  author={Packard, David W},
  booktitle={COLING 1973 Volume 2: Computational And Mathematical Linguistics: Proceedings of the International Conference on Computational Linguistics},
  volume={2},
  year={1973}
}

@article{thompson1968programming,
  title={Programming techniques: Regular expression search algorithm},
  author={Thompson, Ken},
  journal={Communications of the ACM},
  volume={11},
  number={6},
  pages={419--422},
  year={1968},
  publisher={ACM}
}

@article{lovins1968development,
  title={Development of a stemming algorithm},
  author={Lovins, Julie Beth},
  journal={Mech. Translat. \& Comp. Linguistics},
  volume={11},
  number={1-2},
  pages={22--31},
  year={1968}
}

@article{o2010tweets,
  title={From tweets to polls: Linking text sentiment to public opinion time series.},
  author={O'Connor, Brendan and Balasubramanyan, Ramnath and Routledge, Bryan R and Smith, Noah A and others},
  journal={Icwsm},
  volume={11},
  number={122-129},
  pages={1--2},
  year={2010}
}

@book{bird2009natural,
  title={Natural language processing with Python: analyzing text with the natural language toolkit},
  author={Bird, Steven and Klein, Ewan and Loper, Edward},
  year={2009},
  publisher={" O'Reilly Media, Inc."}
}


@article{weizenbaum1966eliza,
  title={ELIZA—a computer program for the study of natural language communication between man and machine},
  author={Weizenbaum, Joseph},
  journal={Communications of the ACM},
  volume={9},
  number={1},
  pages={36--45},
  year={1966},
  publisher={ACM}
}

@book{kuvcera1967computational,
  title={Computational analysis of present-day American English},
  author={Ku{\v{c}}era, Henry and Francis, Winthrop Nelson},
  year={1967},
  publisher={Dartmouth Publishing Group}
}

@book{levelt1993speaking,
  title={Speaking: From intention to articulation},
  author={Levelt, Willem JM},
  volume={1},
  year={1993},
  publisher={MIT press}
}


@techreport{kleene1951representation,
  title={Representation of events in nerve nets and finite automata},
  author={Kleene, Stephen Cole},
  year={1951},
  institution={RAND PROJECT AIR FORCE SANTA MONICA CA}
}


@article{eisner2016emoji2vec,
  title={emoji2vec: Learning emoji representations from their description},
  author={Eisner, Ben and Rockt{\"a}schel, Tim and Augenstein, Isabelle and Bo{\v{s}}njak, Matko and Riedel, Sebastian},
  journal={arXiv preprint arXiv:1609.08359},
  year={2016}
}

@article{bingel2017identifying,
  title={Identifying beneficial task relations for multi-task learning in deep neural networks},
  author={Bingel, Joachim and S{\o}gaard, Anders},
  journal={arXiv preprint arXiv:1702.08303},
  year={2017}
}

@article{jha2017nlp,
  title={NLP-driven citation analysis for scientometrics},
  author={Jha, Rahul and Jbara, Amjad-Abu and Qazvinian, Vahed and Radev, Dragomir R},
  journal={Natural Language Engineering},
  volume={23},
  number={1},
  pages={93--130},
  year={2017},
  publisher={Cambridge University Press}
}

@inproceedings{segalovich2003fast,
  title={A fast morphological algorithm with unknown word guessing induced by a dictionary for a web search engine.},
  author={Segalovich, Ilya},
  booktitle={MLMTA},
  pages={273--280},
  year={2003},
  organization={Citeseer}
}
@inproceedings{sharoff2011proper,
  title={The proper place of men and machines in language technology: Processing Russian without any linguistic knowledge},
  author={Sharoff, Serge and Nivre, Joakim},
  booktitle={Proc. Dialogue 2011, Russian Conference on Computational Linguistics},
  year={2011}
}

@inproceedings{korobov2015morphological,
  title={Morphological analyzer and generator for Russian and Ukrainian languages},
  author={Korobov, Mikhail},
  booktitle={International Conference on Analysis of Images, Social Networks and Texts},
  pages={320--332},
  year={2015},
  organization={Springer}
}

@article{willett2006porter,
  title={The Porter stemming algorithm: then and now},
  author={Willett, Peter},
  journal={Program},
  volume={40},
  number={3},
  pages={219--223},
  year={2006},
  publisher={Emerald Group Publishing Limited}
}

@misc{porter2001snowball,
  title={Snowball: A language for stemming algorithms},
  author={Porter, Martin F},
  year={2001}
}








%%% 09.08.2018 FVK

@article{tikin2009e,
  title={Эффективность-не коэффициент},
  author={Тикин, ВС},
  journal={Экономические науки},
  number={7},
  pages={94--97},
  year={2009}
}


@book{porter1993m,
  title={Международная конкуренция: конкурентные преимущества стран},
  author={Портер, Майкл},
  year={1993},
  publisher={Альпина Паблишер}
}

@article{korol2014krit,
  title={Критерии оценки эффективности деятельности научных учреждений},
  author={Королева, ТС and Васильев, ИА and Торжков, ИО},
  journal={Труды Санкт-Петербургского научно-исследовательского института лесного хозяйства},
  number={2},
  pages={94},
  year={2014},
  publisher={Федеральное бюджетное учреждение Санкт-Петербургский научно-исследовательский институт лесного хозяйства}
}

@article{kle2014o,
  title={Оценка эффективности научно-исследовательской деятельности студентов},
  author={Клещева, ИВ},
  journal={СПб: НИУ ИТМО},
  year={2014}
}

@article{levin2016v,
  title={Возможна ли правильная оценка вклада ученого в науку с помощью индекса хирша? примеры},
  author={Левин, ВИ},
  journal={Математические методы в технике и технологиях-ММТТ},
  number={6},
  pages={100--102},
  year={2016},
  publisher={Федеральное государственное бюджетное образовательное учреждение высшего образования" Саратовский государственный технический университет имени Гагарина ЮА"}
}

@article{lipch2013met,
  title={Методология научного исследования: учебное пособие},
  author={Липчиу, НВ and Липчиу, КИ},
  journal={Краснодар: КубГАУ},
  year={2013}
}

@article{mkrt1995f,
  title={Фазы переходного периода от группового способа обучения к коллективному},
  author={Мкртчян, МА},
  journal={Коллективный способ обучения},
  number={2},
  pages={8--11},
  year={1995}
}

@article{gary2016unpacking,
  title={Unpacking mental models through laboratory experiments},
  author={Gary, Michael Shayne and Wood, Robert E},
  journal={System Dynamics Review},
  volume={32},
  number={2},
  pages={101--129},
  year={2016},
  publisher={Wiley Online Library}
}

@article{sidor2006g,
  title={Групповая сплоченность и неформальные подгруппы},
  author={Сидоренков, АВ},
  journal={Психологический журнал},
  volume={27},
  number={1},
  pages={44--53},
  year={2006},
  publisher={Академиздатцентр" Наука" РАН}
}

@book{gentner2014mental,
  title={Mental models},
  author={Gentner, Dedre and Stevens, Albert L},
  year={2014},
  publisher={Psychology Press}
}

@book{taylor2004scientific,
  title={Scientific management},
  author={Taylor, Frederick Winslow},
  year={2004},
  publisher={Routledge}
}


@article{wei2017co,
  title={A co-authorship network-based method for understanding the evolution of a research area: A case of information systems research},
  author={Wei, Fangfang and Zhang, Guijie and Feng, Yuqiang and Liu, Luning and Shao, Zhen},
  journal={Malaysian Journal of Library \& Information Science},
  volume={22},
  number={2},
  pages={1--14},
  year={2017}
}


%%%  09.08.2018

@inproceedings{chen2017building,
  title={Building and analyzing a global co-authorship network using Google Scholar data},
  author={Chen, Yang and Ding, Cong and Hu, Jiyao and Chen, Ruichuan and Hui, Pan and Fu, Xiaoming},
  booktitle={Proceedings of the 26th International Conference on World Wide Web Companion},
  pages={1219--1224},
  year={2017},
  organization={International World Wide Web Conferences Steering Committee}
}

@article{chuan2018link,
  title={Link prediction in co-authorship networks based on hybrid content similarity metric},
  author={Chuan, Pham Minh and Ali, Mumtaz and Khang, Tran Dinh and Dey, Nilanjan and others},
  journal={Applied Intelligence},
  volume={48},
  number={8},
  pages={2470--2486},
  year={2018},
  publisher={Springer}
}

@article{mullins1973development,
  title={The development of specialties in social science: The case of ethnomethodology},
  author={Mullins, Nicholas C},
  journal={Science Studies},
  volume={3},
  number={3},
  pages={245--273},
  year={1973},
  publisher={Sage Publications Sage CA: Thousand Oaks, CA}
}

@article{munoz2016assessing,
  title={Assessing collaboration networks in educational research: A co-authorship-based social network analysis approach},
  author={Munoz, David Andres and Queupil, Juan Pablo and Fraser, Pablo},
  journal={International Journal of Educational Management},
  volume={30},
  number={3},
  pages={416--436},
  year={2016},
  publisher={Emerald Group Publishing Limited}
}

@inproceedings{chang2017hidden,
  title={The Hidden Power of Social-Linkage in the Office: A Co-authorship Network Analysis},
  author={Chang, Horng-Jinh and Wang, Whe-Min},
  booktitle={Proceedings of the 4th Multidisciplinary International Social Networks Conference on ZZZ},
  pages={4},
  year={2017},
  organization={ACM}
}

@article{perianes2010detecting,
  title={Detecting, identifying and visualizing research groups in co-authorship networks},
  author={Perianes-Rodr{\'\i}guez, Antonio and Olmeda-G{\'o}mez, Carlos and Moya-Aneg{\'o}n, F{\'e}lix},
  journal={Scientometrics},
  volume={82},
  number={2},
  pages={307--319},
  year={2010},
  publisher={Springer}
}

@article{li2013co,
  title={Co-authorship networks and research impact: A social capital perspective},
  author={Li, Eldon Y and Liao, Chien Hsiang and Yen, Hsiuju Rebecca},
  journal={Research Policy},
  volume={42},
  number={9},
  pages={1515--1530},
  year={2013},
  publisher={Elsevier}
}

@article{borner2005studying,
  title={Studying the emerging global brain: Analyzing and visualizing the impact of co-authorship teams},
  author={B{\"o}rner, Katy and Dall'Asta, Luca and Ke, Weimao and Vespignani, Alessandro},
  journal={Complexity},
  volume={10},
  number={4},
  pages={57--67},
  year={2005},
  publisher={Wiley Online Library}
}

@article{abbasi2012egocentric,
  title={Egocentric analysis of co-authorship network structure, position and performance},
  author={Abbasi, Alireza and Chung, Kon Shing Kenneth and Hossain, Liaquat},
  journal={Information Processing \& Management},
  volume={48},
  number={4},
  pages={671--679},
  year={2012},
  publisher={Elsevier}
}

@inproceedings{snasel2009analyzing,
  title={Analyzing social networks using FCA: complexity aspects},
  author={Snasel, V{\'a}clav and Hor{\'a}k, Zdenek and Kocibova, Jana and Abraham, Ajith},
  booktitle={Proceedings of the 2009 IEEE/WIC/ACM International Joint Conference on Web Intelligence and Intelligent Agent Technology-Volume 03},
  pages={38--41},
  year={2009},
  organization={IEEE Computer Society}
}

@article{poelmans2013formal,
  title={Formal concept analysis in knowledge processing: A survey on applications},
  author={Poelmans, Jonas and Ignatov, Dmitry I and Kuznetsov, Sergei O and Dedene, Guido},
  journal={Expert systems with applications},
  volume={40},
  number={16},
  pages={6538--6560},
  year={2013},
  publisher={Elsevier}
}

@article{poelmans2012semi,
  title={Semi-automated knowledge discovery: identifying and profiling human trafficking},
  author={Poelmans, Jonas and Elzinga, Paul and Ignatov, Dmitry I and Kuznetsov, Sergei O},
  journal={International Journal of General Systems},
  volume={41},
  number={8},
  pages={774--804},
  year={2012},
  publisher={Taylor \& Francis}
}

@inproceedings{pensa2005towards,
  title={Towards fault-tolerant formal concept analysis},
  author={Pensa, Ruggero G and Boulicaut, Jean-Fran{\c{c}}ois},
  booktitle={Congress of the Italian Association for Artificial Intelligence},
  pages={212--223},
  year={2005},
  organization={Springer}
}

@book{obiedkov2007social,
  title={Social Network Analysis and Conceptual Structures: Exploring Opportunities: Proceedings, Clermont-Ferrand, France, February 2007},
  author={Obiedkov, Sergei and Roth, Camille},
  year={2007},
  publisher={Universit{\'e} Blaise Pascal, Laboratoire Limos}
}

@misc{kurtz2009c,
  title={Collective Network Analysis},
  author={Kurtz, Cynthia F},
  year={2009}
}

@inproceedings{kuznetsov2007reducing,
  title={Reducing the representation complexity of lattice-based taxonomies},
  author={Kuznetsov, Sergei and Obiedkov, Sergei and Roth, Camille},
  booktitle={International Conference on Conceptual Structures},
  pages={241--254},
  year={2007},
  organization={Springer}
}

@inproceedings{gnatyshak2012gaining,
  title={Gaining insight in social networks with biclustering and triclustering},
  author={Gnatyshak, Dmitry and Ignatov, Dmitry I and Semenov, Alexander and Poelmans, Jonas},
  booktitle={international conference on business informatics research},
  pages={162--171},
  year={2012},
  organization={Springer}
}

@article{aufaure2013advances,
  title={Advances in FCA-based applications for social networks analysis},
  author={Aufaure, Marie-Aude and Le Grand, B{\'e}n{\'e}dicte},
  journal={International Journal of Conceptual Structures and Smart Applications (IJCSSA)},
  volume={1},
  number={1},
  pages={73--89},
  year={2013},
  publisher={IGI Global}
}

@article{ding2011scientific,
  title={Scientific collaboration and endorsement: Network analysis of coauthorship and citation networks},
  author={Ding, Ying},
  journal={Journal of informetrics},
  volume={5},
  number={1},
  pages={187--203},
  year={2011},
  publisher={Elsevier}
}

@article{barabasi2002evolution,
  title={Evolution of the social network of scientific collaborations},
  author={Barab{\^a}si, Albert-Laszlo and Jeong, Hawoong and N{\'e}da, Zoltan and Ravasz, Erzsebet and Schubert, Andras and Vicsek, Tamas},
  journal={Physica A: Statistical mechanics and its applications},
  volume={311},
  number={3-4},
  pages={590--614},
  year={2002},
  publisher={Elsevier}
}

@article{acedo2006co,
  title={Co-authorship in management and organizational studies: An empirical and network analysis},
  author={Acedo, Francisco Jos{\'e} and Barroso, Carmen and Casanueva, Cristobal and Gal{\'a}n, Jos{\'e} Luis},
  journal={Journal of Management Studies},
  volume={43},
  number={5},
  pages={957--983},
  year={2006},
  publisher={Wiley Online Library}
}

@article{newman2001structure,
  title={The structure of scientific collaboration networks},
  author={Newman, Mark EJ},
  journal={Proceedings of the national academy of sciences},
  volume={98},
  number={2},
  pages={404--409},
  year={2001},
  publisher={National Acad Sciences}
}

@article{rodriguez2008relationship,
  title={On the relationship between the structural and socioacademic communities of a coauthorship network},
  author={Rodriguez, Marko A and Pepe, Alberto},
  journal={Journal of Informetrics},
  volume={2},
  number={3},
  pages={195--201},
  year={2008},
  publisher={Elsevier}
}

@article{hou2007structure,
  title={The structure of scientific collaboration networks in Scientometrics},
  author={Hou, Haiyan and Kretschmer, Hildrun and Liu, Zeyuan},
  journal={Scientometrics},
  volume={75},
  number={2},
  pages={189--202},
  year={2007},
  publisher={Akad{\'e}miai Kiad{\'o}, co-published with Springer Science+ Business Media BV, Formerly Kluwer Academic Publishers BV}
}

@article{wang2015link,
  title={Link prediction in social networks: the state-of-the-art},
  author={Wang, Peng and Xu, BaoWen and Wu, YuRong and Zhou, XiaoYu},
  journal={Science China Information Sciences},
  volume={58},
  number={1},
  pages={1--38},
  year={2015},
  publisher={Springer}
}

@article{hall2011shale,
  title={Shale vs tight},
  author={Hall, M},
  journal={Agile Geoscience, dispon{\'\i}vel em: http://www.agilegeoscience.com/jou},
  year={2011}
}

@article{danil2016o,
  title={Оценка как источник динамики текстообразования в научной коммуникации},
  author={Данилевская, НВ},
  journal={Международный научно-исследовательский журнал},
  number={12 (54) Часть 2},
  pages={27--30},
  year={2016}
}

@article{berger1980status,
  title={Status organizing processes},
  author={Berger, Joseph and Rosenholtz, Susan J and Zelditch Jr, Morris},
  journal={Annual review of sociology},
  volume={6},
  number={1},
  pages={479--508},
  year={1980},
  publisher={Annual Reviews 4139 El Camino Way, PO Box 10139, Palo Alto, CA 94303-0139, USA}
}

@article{berger1972status,
  title={Status characteristics and social interaction},
  author={Berger, Joseph and Cohen, Bernard P and Zelditch Jr, Morris},
  journal={American Sociological Review},
  pages={241--255},
  year={1972},
  publisher={JSTOR}
}

@article{cockburn2001agile,
  title={Agile software development, the people factor},
  author={Cockburn, Alistair and Highsmith, Jim},
  journal={Computer},
  volume={34},
  number={11},
  pages={131--133},
  year={2001},
  publisher={IEEE}
}

@article{block2014multidimensional,
  title={Multidimensional homophily in friendship networks},
  author={Block, Per and Grund, Thomas},
  journal={Network Science},
  volume={2},
  number={2},
  pages={189--212},
  year={2014},
  publisher={Cambridge University Press}
}

@article{steglich20108,
  title={8. Dynamic Networks and Behavior: Separating Selection from Influence},
  author={Steglich, Christian and Snijders, Tom AB and Pearson, Michael},
  journal={Sociological methodology},
  volume={40},
  number={1},
  pages={329--393},
  year={2010},
  publisher={SAGE Publications Sage CA: Los Angeles, CA}
}

@article{snijders2010introduction,
  title={Introduction to stochastic actor-based models for network dynamics},
  author={Snijders, Tom AB and Van de Bunt, Gerhard G and Steglich, Christian EG},
  journal={Social networks},
  volume={32},
  number={1},
  pages={44--60},
  year={2010},
  publisher={Elsevier}
}

@article{mcpherson2001birds,
  title={Birds of a feather: Homophily in social networks},
  author={McPherson, Miller and Smith-Lovin, Lynn and Cook, James M},
  journal={Annual review of sociology},
  volume={27},
  number={1},
  pages={415--444},
  year={2001},
  publisher={Annual Reviews 4139 El Camino Way, PO Box 10139, Palo Alto, CA 94303-0139, USA}
}

@incollection{harper1985power,
  title={Power, dominance, and nonverbal behavior: An overview},
  author={Harper, Robert G},
  booktitle={Power, dominance, and nonverbal behavior},
  pages={29--48},
  year={1985},
  publisher={Springer}
}

@article{hausknecht2013does,
  title={When does employee turnover matter? Dynamic member configurations, productive capacity, and collective performance},
  author={Hausknecht, John P and Holwerda, Jacob A},
  journal={Organization Science},
  volume={24},
  number={1},
  pages={210--225},
  year={2013},
  publisher={INFORMS}
}

@article{mathieu2000influence,
  title={The influence of shared mental models on team process and performance.},
  author={Mathieu, John E and Heffner, Tonia S and Goodwin, Gerald F and Salas, Eduardo and Cannon-Bowers, Janis A},
  journal={Journal of applied psychology},
  volume={85},
  number={2},
  pages={273},
  year={2000},
  publisher={American Psychological Association}
}

@article{lim2006team,
  title={Team mental models and team performance: A field study of the effects of team mental model similarity and accuracy},
  author={Lim, Beng-Chong and Klein, Katherine J},
  journal={Journal of Organizational Behavior: The International Journal of Industrial, Occupational and Organizational Psychology and Behavior},
  volume={27},
  number={4},
  pages={403--418},
  year={2006},
  publisher={Wiley Online Library}
}

@article{edwards2006relationships,
  title={Relationships among team ability composition, team mental models, and team performance.},
  author={Edwards, Bryan D and Day, Eric Anthony and Arthur Jr, Winfred and Bell, Suzanne T},
  journal={Journal of Applied Psychology},
  volume={91},
  number={3},
  pages={727},
  year={2006},
  publisher={American Psychological Association}
}

@article{brief1983cognitive,
  title={Cognitive and organizational structures: A conceptual analysis of implicit organizing theories},
  author={Brief, Arthur P and Downey, H Kirk},
  journal={Human relations},
  volume={36},
  number={12},
  pages={1065--1089},
  year={1983},
  publisher={Periodicals Service Company Germantown, NY}
}

@book{sims1986thinking,
  title={The thinking organization},
  author={Sims, Henry P and Gioia, Dennis A},
  year={1986},
  publisher={Jossey-Bass Inc Pub}
}

@book{fiske2013social,
  title={Social cognition: From brains to culture},
  author={Fiske, Susan T and Taylor, Shelley E},
  year={2013},
  publisher={Sage}
}

@article{walsh1995managerial,
  title={Managerial and organizational cognition: Notes from a trip down memory lane},
  author={Walsh, James P},
  journal={Organization science},
  volume={6},
  number={3},
  pages={280--321},
  year={1995},
  publisher={INFORMS}
}

@article{morgeson1999structure,
  title={The structure and function of collective constructs: Implications for multilevel research and theory development},
  author={Morgeson, Frederick P and Hofmann, David A},
  journal={Academy of management review},
  volume={24},
  number={2},
  pages={249--265},
  year={1999},
  publisher={Academy of Management Briarcliff Manor, NY 10510}
}

@article{klimoski1994team,
  title={Team mental model: Construct or metaphor?},
  author={Klimoski, Richard and Mohammed, Susan},
  journal={Journal of management},
  volume={20},
  number={2},
  pages={403--437},
  year={1994},
  publisher={Sage Publications Sage CA: Thousand Oaks, CA}
}

@article{guimera2005team,
  title={Team assembly mechanisms determine collaboration network structure and team performance},
  author={Guimera, Roger and Uzzi, Brian and Spiro, Jarrett and Amaral, Luis A Nunes},
  journal={Science},
  volume={308},
  number={5722},
  pages={697--702},
  year={2005},
  publisher={American Association for the Advancement of Science}
}


@article{brandes2001faster,
  title={A faster algorithm for betweenness centrality},
  author={Brandes, Ulrik},
  journal={Journal of mathematical sociology},
  volume={25},
  number={2},
  pages={163--177},
  year={2001},
  publisher={Taylor \& Francis}
}

@article{brandes2008variants,
  title={On variants of shortest-path betweenness centrality and their generic computation},
  author={Brandes, Ulrik},
  journal={Social Networks},
  volume={30},
  number={2},
  pages={136--145},
  year={2008},
  publisher={Elsevier}
}

@article{brandes2007centrality,
  title={Centrality estimation in large networks},
  author={Brandes, Ulrik and Pich, Christian},
  journal={International Journal of Bifurcation and Chaos},
  volume={17},
  number={07},
  pages={2303--2318},
  year={2007},
  publisher={World Scientific}
}

@inproceedings{brandes2005centrality,
  title={Centrality measures based on current flow},
  author={Brandes, Ulrik and Fleischer, Daniel},
  booktitle={Annual Symposium on Theoretical Aspects of Computer Science},
  pages={533--544},
  year={2005},
  organization={Springer}
}

@article{newman2005measure,
  title={A measure of betweenness centrality based on random walks},
  author={Newman, Mark EJ},
  journal={Social networks},
  volume={27},
  number={1},
  pages={39--54},
  year={2005},
  publisher={Elsevier}
}

@inproceedings{iseg2003,
  title={A fast morphological algorithm with unknown word guessing induced by a dictionary for a web search engine},
  author={Ilya Segalovich},
  year={2003},
  conference={Proceedings of the International Conference on Machine Learning Models, Technologies and Applications},
  publisher={MLMTA03},
  url={http://cache-mskstoredata01.cdn.yandex.net/download.yandex.ru/company/iseg-las-vegas.pdf}
}


@article{Blei:2003,
 author = {Blei, David M. and Ng, Andrew Y. and Jordan, Michael I.},
 title = {Latent Dirichlet Allocation},
 journal = {J. Mach. Learn. Res.},
 issue_date = {3/1/2003},
 volume = {3},
 month = mar,
 year = {2003},
 issn = {1532-4435},
 pages = {993--1022},
 numpages = {30},
 url = {http://dl.acm.org/citation.cfm?id=944919.944937},
 acmid = {944937},
 publisher = {JMLR.org},
} 

@inproceedings{Hofmann:1999,
 author = {Hofmann, Thomas},
 title = {Probabilistic Latent Semantic Indexing},
 booktitle = {Proceedings of the 22Nd Annual International ACM SIGIR Conference on Research and Development in Information Retrieval},
 series = {SIGIR '99},
 year = {1999},
 isbn = {1-58113-096-1},
 location = {Berkeley, California, USA},
 pages = {50--57},
 numpages = {8},
 url = {http://doi.acm.org/10.1145/312624.312649},
 doi = {10.1145/312624.312649},
 acmid = {312649},
 publisher = {ACM},
 address = {New York, NY, USA},
} 

@inproceedings{Tanveer:2010,
 author = {Contractor, Danish and Faruquie, Tanveer A. and Subramaniam, L. Venkata},
 title = {Unsupervised Cleansing of Noisy Text},
 booktitle = {Proceedings of the 23rd International Conference on Computational Linguistics: Posters},
 series = {COLING '10},
 year = {2010},
 location = {Beijing, China},
 pages = {189--196},
 numpages = {8},
 url = {http://dl.acm.org/citation.cfm?id=1944566.1944588},
 acmid = {1944588},
 publisher = {Association for Computational Linguistics},
 address = {Stroudsburg, PA, USA},
} 

@article{Looks2017,
  author = {Moshe Looks, Marcello Herreshoff, DeLesley Hutchins & Peter Norvig},
  title = {DEEP LEARNING WITH DYNAMIC COMPUTATION GRAPHS},
  year = {2017},
  series = {ICLR 2017},
} 

@article{vanderMaaten2008,
	author = {Laurens van der Maaten},
    title = {Visualizing Data using t-SNE},
    year = {2008},
    series = {Journal of Machine Learning Research 9(Nov):2579-2605}
}

@article{Frey2007,
  doi = {10.1126/science.1136800},
  url = {https://doi.org/10.1126%2Fscience.1136800},
  year  = {2007},
  month = {feb},
  publisher = {American Association for the Advancement of Science ({AAAS})},
  volume = {315},
  number = {5814},
  pages = {972--976},
  author = {B. J. Frey and D. Dueck},
  title = {Clustering by Passing Messages Between Data Points},
  journal = {Science}
}


@article{nov2008,
  title={Математические модели формирования и функционирования команд},
  author={Новиков, Дмитрий Александрович},
  journal={М.: Издательство физико-математической литературы},
  year={2008}
}


@article{bei2014,
  title={Использование модели компетенций в процессе командообразования},
  author={Бейльханов, Дамир Кайржанович and Квятковская, Ирина Юрьевна},
  journal={Технические науки-от теории к практике},
  number={30},
  pages={7--12},
  year={2014},
  publisher={Ассоциация научных сотрудников" Сибирская академическая книга"}
}

@article{bavelas1948mathematical,
  title={A mathematical model for group structures},
  author={Bavelas, Alex},
  journal={Human organization},
  volume={7},
  number={3},
  pages={16--30},
  year={1948},
  publisher={Society for Applied Anthropology}
}


@article{shcherb1982,
  title={Эффективность научной деятельности в СССР},
  author={Щербаков, Александр Иванович},
  year={1982},
  publisher={Экономика}
}

@article{ovch2009,
  title={К методологии оценки научной деятельности в научных и образовательных учреждениях Российской Федерации},
  author={Овчинников, ОА},
  journal={Вестник Московского университета МВД России},
  number={3},
  pages={48--51},
  year={2009},
  publisher={Федеральное государственное казенное образовательное учреждение высшего образования" Московский университет Министерства внутренних дел Российской Федерации им. ВЯ Кикотя"}
}


@article{fursov2016,
  title={Факторы результативности научной деятельности: микроуровневый анализ},
  author={Фурсов, Константин and Яна, Рощина and Балмуш, Оксана},
  journal={Форсайт},
  volume={10},
  number={2},
  year={2016},
  publisher={Федеральное государственное автономное образовательное учреждение высшего образования {\guillemotleft}Национальный исследовательский университет {\guillemotleft}Высшая школа экономики{\guillemotright}}
}

@article{shmatko2017,
  title={Служба или служение? Мотивационные паттерны российских ученых},
  author={Шматко, Наталья and Волкова, Галина},
  journal={Форсайт},
  volume={11},
  number={2},
  year={2017},
  publisher={Федеральное государственное автономное образовательное учреждение высшего образования {\guillemotleft}Национальный исследовательский университет {\guillemotleft}Высшая школа экономики{\guillemotright}}
}



@article{rozewski2009competence,
  title={Competence management in knowledge-based organisation: case study based on higher education organisation},
  author={R{\'o}{\.z}ewski, Przemys{\l}aw and Ma{\l}achowski, Bart{\l}omiej},
  journal={Knowledge Science, Engineering and Management},
  pages={358--369},
  year={2009},
  publisher={Springer}
}

@inproceedings{moe2008understanding,
  title={Understanding self-organizing teams in agile software development},
  author={Moe, Nils Brede and Dings{\o}yr, Torgeir and Dyb{\aa}, Tore},
  booktitle={Software Engineering, 2008. ASWEC 2008. 19th Australian Conference on},
  pages={76--85},
  year={2008},
  organization={IEEE}
}



@article{borshchev2008,
  title={Применение имитационного моделирования в России-состояние на 2007г.},
  author={Борщев, Андрей},
  journal={Бизнес-информатика},
  number={4},
  year={2008},
  publisher={Федеральное государственное автономное образовательное учреждение высшего образования {\guillemotleft}Национальный исследовательский университет {\guillemotleft}Высшая школа экономики{\guillemotright}}
}

@book{borshchev2013big,
  title={The big book of simulation modeling: multimethod modeling with AnyLogic 6},
  author={Borshchev, Andrei},
  year={2013},
  publisher={AnyLogic North America}
}


@article{Kurchakova2017,
  title={Моделирование изменений интеллектуального капитала в условиях повышенной нагрузки на персонал научно-исследовательской организации},
  author={Курчакова Н.В. and Краснов Ф.В.},
  volume={9},
  number={6},
  year={2017},
  journal={Интернет-журнал «НАУКОВЕДЕНИЕ»},
}

@inproceedings{yevtushenko2000system,
  title={System of data analysis “Concept Explorer”},
  author={Yevtushenko, Serhiy A},
  booktitle={Proceedings of the 7th national conference on Artificial Intelligence KII},
  volume={2000},
  year={2000}
}

@misc{kurtz2009collective,
  title={Collective Network Analysis},
  author={Kurtz, Cynthia F},
  year={2009}
}

@book{ganter2005formal,
  title={Formal Concept Analysis: foundations and applications},
  author={Ganter, Bernhard and Stumme, Gerd and Wille, Rudolf},
  volume={3626},
  year={2005},
  publisher={springer}
}


@incollection{wiese2004yfiles,
  title={Yfiles —-- visualization and automatic layout of graphs},
  author={Wiese, Roland and Eiglsperger, Markus and Kaufmann, Michael},
  booktitle={Graph Drawing Software},
  pages={173--191},
  year={2004},
  publisher={Springer}
}

@article{granovetter1973strength,
  title={The strength of weak ties},
  author={Granovetter, Mark S},
  journal={American journal of sociology},
  pages={1360--1380},
  year={1973},
  publisher={JSTOR}
}


@article{granovetter1983strength,
  title={The strength of weak ties: A network theory revisited},
  author={Granovetter, Mark},
  journal={Sociological theory},
  volume={1},
  number={1},
  pages={201--233},
  year={1983},
  publisher={JSTOR}
}

@misc{yevtushenko2006conexp,
  title={ConExp-The Concept Explorer},
  author={Yevtushenko, Serhiy and Tane, Julian and Kaiser, Tim B and Obiedkov, Sergei and Hereth, Joachim and ReppeEPPE, Heiko},
  year={2006}
}

@ARTICLE{agneessens2012intra,
  author = {Agneessens, Filip and Wittek, Rafael},
  title = {Where do intra-organizational advice relations come from? The role
	of informal status and social capital in social exchange},
  journal = {Social Networks},
  year = {2012},
  volume = {34},
  pages = {333--345},
  number = {3},
  publisher = {Elsevier}
}

@ARTICLE{agneessens2008social,
  author = {Agneessens, Filip and Wittek, Rafael},
  title = {Social capital and employee well-being: disentangling intrapersonal
	and interpersonal selection and influence mechanisms},
  journal = {Revue fran{\c{c}}aise de sociologie},
  year = {2008},
  volume = {49},
  pages = {613--637},
  number = {3},
  publisher = {Presses de Sciences Po (PFNSP)}
}

@ARTICLE{anderson1999interaction,
  author = {Anderson, Brigham S and Butts, Carter and Carley, Kathleen},
  title = {The interaction of size and density with graph-level indices},
  journal = {Social Networks},
  year = {1999},
  volume = {21},
  pages = {239--267},
  number = {3},
  publisher = {Elsevier}
}

@ARTICLE{ellwardt2012co,
  author = {Ellwardt, Lea and Steglich, Christian and Wittek, Rafael},
  title = {The co-evolution of gossip and friendship in workplace social networks},
  journal = {Social Networks},
  year = {2012},
  volume = {34},
  pages = {623--633},
  number = {4},
  publisher = {Elsevier}
}

@ARTICLE{hou2008structure,
  author = {Hou, Haiyan and Kretschmer, Hildrun and Liu, Zeyuan},
  title = {The structure of scientific collaboration networks in Scientometrics},
  journal = {Scientometrics},
  year = {2008},
  volume = {75},
  pages = {189--202},
  number = {2},
  publisher = {Springer}
}

@ARTICLE{krackhardt1999ties,
  author = {Krackhardt, David},
  title = {The ties that torture: Simmelian tie analysis in organizations},
  journal = {Research in the Sociology of Organizations},
  year = {1999},
  volume = {16},
  pages = {183--210},
  number = {1}
}

@ARTICLE{krackhardt1990assessing,
  author = {Krackhardt, David},
  title = {Assessing the political landscape: Structure, cognition, and power
	in organizations},
  journal = {Administrative science quarterly},
  year = {1990},
  pages = {342--369},
  publisher = {JSTOR}
}

@ARTICLE{krackhardt1993informal,
  author = {Krackhardt, David and Hanson, Jeffrey R},
  title = {Informal networks},
  journal = {Harvard business review},
  year = {1993},
  volume = {71},
  pages = {104--111},
  number = {4}
}


@BOOK{prell2012social,
  title = {Social network analysis: History, theory and methodology},
  publisher = {Sage},
  year = {2012},
  author = {Prell, Christina}
}
@MISC{team2014r,
  author = {Team, R Core},
  title = {R: A language and environment for statistical computing. Vienna,
	Austria: R Foundation for Statistical Computing; 2013},
  year = {2014}
}

@ARTICLE{ushakov2013diagnostics,
  author = {Ushakov, Konstantin},
  title = {Diagnostics of an Educational Institution Real Structure},
  journal = {Educational Studies},
  year = {2013},
  pages = {247--260},
  number = {4},
  publisher = {Higher School of Economics}
}

@BOOK{wasserman1994social,
  title = {Social network analysis: Methods and applications},
  publisher = {Cambridge university press},
  year = {1994},
  author = {Wasserman, Stanley and Faust, Katherine},
  volume = {8}
}



@inproceedings{barysheva2015building,
  title={Building Profiles of Blog Users Based on Comment Graph Analysis: The Habrahabr. ru Case},
  author={Barysheva, Alexandra and Petrov, Mikhail and Yavorskiy, Rostislav},
  booktitle={International Conference on Analysis of Images, Social Networks and Texts},
  pages={257--262},
  year={2015},
  organization={Springer}
}

@inproceedings{barysheva2015profiling,
  title={Profiling Less Active Users in Online Communities.},
  author={Barysheva, Alexandra and Golubtsova, Anna and Yavorskiy, Rostislav},
  booktitle={SNAFCA@ ICFCA},
  year={2015}
}


@article{AgileGeo, 
	key = {INTERNET}, 
    title = {Agile Scientific},
    publisher = {agilescientific.com},
    date = {10.04.2007},
    year = {2007},
    url = {--- Режим доступа: \url{https://agilescientific.com/articles/}, свободный.},
    language = {english}
}

%%  Работы циттируемые в Главе 3 Эксперимент.

@article{fowler2001agile,
  title={The agile manifesto},
  author={Fowler, Martin and Highsmith, Jim},
  journal={Software Development},
  volume={9},
  number={8},
  pages={28--35},
  year={2001},
  publisher={[San Francisco, CA: Miller Freeman, Inc., 1993-}
}

@article{bonner2016empirical,
  title={An Empirical Investigation of the Perceived Benefits of Agile Methodologies Using an Innovation-Theoretical model},
  author={Bonner, Nancy A and Kulangara, Nisha and Nerur, Sridhar and Teng, James TC},
  journal={Journal of Database Management (JDM)},
  volume={27},
  number={3},
  pages={38--63},
  year={2016},
  publisher={IGI Global}
}

@article{hoda2016multi,
  title={Multi-level agile project management challenges: A self-organizing team perspective},
  author={Hoda, Rashina and Murugesan, Latha K},
  journal={Journal of Systems and Software},
  volume={117},
  pages={245--257},
  year={2016},
  publisher={Elsevier}
}

@article{alnuaimi2010team,
  title={Team size, dispersion, and social loafing in technology-supported teams: A perspective on the theory of moral disengagement},
  author={Alnuaimi, Omar A and Robert, Lionel P and Maruping, Likoebe M},
  journal={Journal of Management Information Systems},
  volume={27},
  number={1},
  pages={203--230},
  year={2010},
  publisher={Taylor \& Francis}
}

@article{moe2009overcoming,
  title={Overcoming barriers to self-management in software teams},
  author={Moe, Nils Brede and Dings{\o}yr, Torgeir and Dyb{\aa}, Tore},
  journal={IEEE software},
  volume={26},
  number={6},
  year={2009},
  publisher={IEEE}
}

@article{hamilton2003team,
  title={Team incentives and worker heterogeneity: An empirical analysis of the impact of teams on productivity and participation},
  author={Hamilton, Barton H and Nickerson, Jack A and Owan, Hideo},
  journal={Journal of political Economy},
  volume={111},
  number={3},
  pages={465--497},
  year={2003},
  publisher={The University of Chicago Press}
}
@article{prat2002should,
  title={Should a team be homogeneous?},
  author={Prat, Andrea},
  journal={European Economic Review},
  volume={46},
  number={7},
  pages={1187--1207},
  year={2002},
  publisher={Elsevier}
}

@article{boehm2003people,
  title={People factors in software management: lessons from comparing agile and plan-driven methods},
  author={Boehm, Barry and Turner, Richard},
  journal={Crosstalk-The Journal of Defense Software Engineering,(Dec 2003)},
  year={2003}
}

@inproceedings{paasivaara2012experiences,
  title={Experiences in scaling the product owner role in large-scale globally distributed scrum},
  author={Paasivaara, Maria and Heikkil{\"a}, Ville T and Lassenius, Casper},
  booktitle={Global Software Engineering (ICGSE), 2012 IEEE Seventh International Conference on},
  pages={174--178},
  year={2012},
  organization={IEEE}
}

@article{tannenbaum2013team,
  title={Do team and individual debriefs enhance performance? A meta-analysis},
  author={Tannenbaum, Scott I and Cerasoli, Christopher P},
  journal={Human factors},
  volume={55},
  number={1},
  pages={231--245},
  year={2013},
  publisher={Sage Publications Sage CA: Los Angeles, CA}
 }
 
@article{hill1982group,
  title={Group versus individual performance: Are N+ 1 heads better than one?},
  author={Hill, Gayle W},
  journal={Psychological bulletin},
  volume={91},
  number={3},
  pages={517},
  year={1982},
  publisher={American Psychological Association}
}

@article{tims2013job,
  title={Job crafting at the team and individual level: Implications for work engagement and performance},
  author={Tims, Maria and Bakker, Arnold B and Derks, Daantje and Van Rhenen, Willem},
  journal={Group \& Organization Management},
  volume={38},
  number={4},
  pages={427--454},
  year={2013},
  publisher={Sage Publications Sage CA: Los Angeles, CA}
} 
  

@article{cropley2012measuring,
  title={Measuring functional creativity: Non-expert raters and the Creative Solution Diagnosis Scale},
  author={Cropley, David H and Kaufman, James C},
  journal={The Journal of Creative Behavior},
  volume={46},
  number={2},
  pages={119--137},
  year={2012},
  publisher={Wiley Online Library}
}


@article{jackson1965person,
  title={The person, the product, and the response: conceptual problems in the assessment of creativity 1},
  author={Jackson, Philip W and Messick, Samuel},
  journal={Journal of personality},
  volume={33},
  number={3},
  pages={309--329},
  year={1965},
  publisher={Wiley Online Library}
}

@article{king1996creativity,
  title={Creativity and the five-factor model},
  author={King, Laura A and Walker, Lori McKee and Broyles, Sheri J},
  journal={Journal of research in personality},
  volume={30},
  number={2},
  pages={189--203},
  year={1996},
  publisher={Academic Press}
}

@inproceedings{olguin2008sensible,
  title={Sensible organizations: Technology and methodology for automatically measuring organizational behavior},
  author={Olgu{\'\i}n, Daniel Olgu{\'\i}n and Waber, Benjamin N and Taemie Kim, BN and Mohan, Akshay and Ara, Koji and Pentland, Alex},
  year={2008},
  organization={Institute of Electrical and Electronics Engineers}
}


@article{sutherland2013scrum,
  title={The scrum guide},
  author={Sutherland, Jeff and Schwaber, Ken},
  journal={The definitive guide to scrum: The rules of the game. Scrum. org},
  volume={268},
  year={2013}
}

@article{pereme2016toward,
  title={Toward An integrative CSDS based model of industrial R\&D division efficiency},
  author={Pereme, Florian and Rose, Bertrand and Goepp, Virginie and Radoux, Jean Pierre and Belhaoua, Abdelkrim},
  journal={IFAC-PapersOnLine},
  volume={49},
  number={12},
  pages={1785--1790},
  year={2016},
  publisher={Elsevier}
}

%%% Объект и метод

@article{leifeld2017collaboration,
  title={Collaboration patterns in the German political science co-authorship network},
  author={Leifeld, Philip and Wankm{\"u}ller, Sandra and Berger, Valentin TZ and Ingold, Karin and Steiner, Christiane},
  journal={PloS one},
  volume={12},
  number={4},
  pages={e0174671},
  year={2017},
  publisher={Public Library of Science}

}

@inproceedings{ahmed2017analysis,
  title={Analysis of co-authorship in computer networks using centrality measures},
  author={Ahmed, Tanveer and Ahmed, Adeel and Ali, Mubashir and Kamran, Muhammad},
  booktitle={Communication, Computing and Digital Systems (C-CODE), International Conference on},
  pages={54--57},
  year={2017},
  organization={IEEE}
}

@article{koseoglu2018authorship,
  title={Authorship trends, collaboration patterns, and co-authorship networks in lodging studies (1990--2016)},
  author={K{\"o}seoglu, Mehmet Ali and Okumus, Fevzi and Putra, Eka Diraksa and Yildiz, Mehmet and Dogan, Ismail Cagri},
  journal={Journal of Hospitality Marketing \& Management},
  volume={27},
  number={5},
  pages={561--582},
  year={2018},
  publisher={Taylor \& Francis}
}

@inproceedings{paraschiv2017semantic,
  title={Semantic Similarity versus Co-authorship Networks: A Detailed Comparison},
  author={Paraschiv, Ionut Cristian and Dascalu, Mihai and Trausan-Matu, Stefan and Nistor, Nicolae and De Oca, Ambar Murillo Montes and McNamara, Danielle S},
  booktitle={Control Systems and Computer Science (CSCS), 2017 21st International Conference on},
  pages={566--570},
  year={2017},
  organization={IEEE}
}

@article{ho2017basic,
  title={with basic network measures of 2008-2017 Scopus data},
  author={Ho, Tung Manh and Nguyen, Ha Viet and Vuong, Thu-Trang and Dam, Quang-Minh and Pham, Hiep-Hung and Vuong, Quan-Hoang},
  year={2017}
}

@article{gielfi2017university,
  title={University-industry research collaboration in the Brazilian oil industry: the case of Petrobras},
  author={Gielfi, Giovanna Guimar{\~a}es and Furtado, Andr{\'e} Tosi and de Campos, Andr{\'e} Sica and Tijssen, Robert JW},
  journal={Rev. Bras. Inov},
  volume={16},
  number={2},
  pages={325--350},
  year={2017}
}


@inproceedings{pennington2014glove,
  title={Glove: Global vectors for word representation},
  author={Pennington, Jeffrey and Socher, Richard and Manning, Christopher},
  booktitle={Proceedings of the 2014 conference on empirical methods in natural language processing (EMNLP)},
  pages={1532--1543},
  year={2014}
}

@article{joulin2016bag,
  title={Bag of tricks for efficient text classification},
  author={Joulin, Armand and Grave, Edouard and Bojanowski, Piotr and Mikolov, Tomas},
  journal={arXiv preprint arXiv:1607.01759},
  year={2016}
}

@inproceedings{ianina2017multi,
  title={Multi-objective topic modeling for exploratory search in tech news},
  author={Ianina, Anastasia and Golitsyn, Lev and Vorontsov, Konstantin},
  booktitle={Conference on Artificial Intelligence and Natural Language},
  pages={181--193},
  year={2017},
  organization={Springer}
}

@article{mazov2015russian,
  title={Russian publications and journals on Earth sciences in international databases},
  author={Mazov, Nikolai Alekseevich and Gureev, Vadim Nikolaevich and Epov, Mikhail Ivanovich},
  journal={Herald of the Russian Academy of Sciences},
  volume={85},
  number={1},
  pages={20--25},
  year={2015},
  publisher={Springer}
}

%% COnclusions

@article{bakhtin2017trend,
  title={Trend monitoring for linking science and strategy},
  author={Bakhtin, Pavel and Saritas, Ozcan and Chulok, Alexander and Kuzminov, Ilya and Timofeev, Anton},
  journal={Scientometrics},
  volume={111},
  number={3},
  pages={2059--2075},
  year={2017},
  publisher={Springer}
}

@inproceedings{blei2006dynamic,
  title={Dynamic topic models},
  author={Blei, David M and Lafferty, John D},
  booktitle={Proceedings of the 23rd international conference on Machine learning},
  pages={113--120},
  year={2006},
  organization={ACM}
}

@inproceedings{vorontsov2015bigartm,
  title={BigARTM: open source library for regularized multimodal topic modeling of large collections},
  author={Vorontsov, Konstantin and Frei, Oleksandr and Apishev, Murat and Romov, Peter and Dudarenko, Marina},
  booktitle={International Conference on Analysis of Images, Social Networks and Texts},
  pages={370--381},
  year={2015},
  organization={Springer}
}

@article{kuzminov2017global,
  title={Global energy challenges and the national economy: stress scenarios for Russia},
  author={Kuzminov, Ilya and Bereznoy, Alexey and Bakhtin, Pavel},
  journal={foresight},
  volume={19},
  number={2},
  pages={174--197},
  year={2017},
  publisher={Emerald Publishing Limited}
}

@incollection{oliva2010d,
  title={Death spirals and virtuous cycles},
  author={Oliva, Rogelio and Sterman, John D},
  booktitle={Handbook of Service Science},
  pages={321--358},
  year={2010},
  publisher={Springer}
}
